<?xml version="1.0" encoding="UTF-8"?><record xmlns="http://www.loc.gov/MARC21/slim" xmlns:cinclude="http://apache.org/cocoon/include/1.0" xmlns:zs="http://www.loc.gov/zing/srw/">
  <leader>00416nz  a2200121n  4500</leader>
  <controlfield tag="001">n  87807591 </controlfield>
  <controlfield tag="003">DLC</controlfield>
  <controlfield tag="005">19870210125117.6</controlfield>
  <controlfield tag="008">870210n| acannaab|          |n aad |||  </controlfield>
  <datafield tag="010" ind1=" " ind2=" ">
    <subfield code="a">n  87807591 </subfield>
  </datafield>
  <datafield tag="040" ind1=" " ind2=" ">
    <subfield code="a">DLC</subfield>
    <subfield code="c">DLC</subfield>
  </datafield>
  <datafield tag="100" ind1="1" ind2="0">
    <subfield code="a">Thomas, Gilbert A.</subfield>
  </datafield>
  <datafield tag="670" ind1=" " ind2=" ">
    <subfield code="a">nuc87-10486: Partington, P.G. Complaint for infringement of common law copyright ... [MI] 1976</subfield>
    <subfield code="b">(hdg. on WHi rept.: Thomas, Gilbert A.; usage: Gilbert A. Thomas)</subfield>
  </datafield>
</record>